@masterthesis{marius,
  author = {Münch, M},
  title = {Integration and verification of a keyed-hash message authentication scheme based on broadcast timestamps for NUTS},
  year = 2014,
  month = jul,
}

@masterthesis{prasai,
  author = {Prasai, S.},
  title = {Access control of NUTS uplink},
  year = 2012,
  month = jul,
}

@techreport{marius-project,
  author = {Münch, M},
  title = {Development of a security module for the uplink of the nuts student satellite},
  year = 2014,
  institution = {Department of Telematics},
}

@techreport{visockas,
  author = {Visockas, V.},
  title = {Access control and securing of the NUTS uplink},
  year = 2011,
  month = dec,
  institution = {Department of Telematics},
}

@manual{keccak,
 author = {Bertoni, G. and Daemen, J. and Peeters, M. and Gilles van Assche},
 title = {Keccak sponge function family main document},
 journal = {Unknown},
 month = jun,
 year = {2010},
 note = {URL: \url{http://keccak.noekeon.org/Keccak-main-2.1.pdf}, accessed 2014-10-28},
}

@manual{sp800-90b,
  author = {Barker, E. and Kelsey, J.},
  title = {Recommendation for the Entropy Sources Used for Random Bit Generation},
  month = aug,
  year = 2012,
  note = {URL: \url{http://csrc.nist.gov/publications/drafts/800-90/draft-sp800-90b.pdf}, accessed 2014-12-14},
}

@manual{sp800-56a,
  author = {Barker, E. and Johnson, D. and Smid, M.},
  title = {Recommendation for Pair-Wise Key Establishment Schemes Using Discrete Logarithm Cryptograhy (Revised)},
  month = mar,
  year = 2007,
  note = {URL: \url{http://csrc.nist.gov/publications/nistpubs/800-56A/SP800-56A_Revision1_Mar08-2007.pdf}, accessed 2014-12-14}
}

@techreport{bezem-fjellby,
  author = {Bezem, B and Fjellby, P. K. J.},
  title = {Authenticated uplink for the small, low-orbit student satellite NUTS},
  year = 2012,
  month = dec,
  institution = {Department of Telematics},
}

@techreport{radio-regulations,
  author = {ITU},
  title = {Radio Regulations},
  year = 2012,
  note = {URL: \url{http://www.itu.int/dms_pub/itu-s/oth/02/02/S02020000244501PDFE.pdf}, accessed 2014-12-12},
}

@manual{sponge-functions,
  author = {Bertoni, G. and Daemen, J. and Peeters, M. and Gilles van Assche},
  title = {Cryptographic Sponge Functions},
  year = 2011,
  month = jan,
  note = {Available: \url{http://sponge.
noekeon.org/CSF-0.1.pdf}, accessed 2014-12-12},
}

@INPROCEEDINGS{keccak_side_channel_analysis,
  author={Taha, M. and Schaumont, P.},
  booktitle={Hardware-Oriented Security and Trust (HOST), 2013 IEEE International Symposium on},
  title={Side-Channel Analysis of MAC-Keccak},
  year=2013,
  month={June},
  pages={125-130},
  doi={10.1109/HST.2013.6581577},
  note = {URL: \url{http://rijndael.ece.vt.edu/schaum/papers/2013hosta.pdf}, accessed 2014-10-28},
}

@manual{keccak_cube_attack,
 author = {Dinur, I. and Morawiecki, P. and Pieprzyk, J. and Srebrny, M and Straus, M.},
 title = {Practical Complexity Cube Attacks on Round-Reduced Keccak Sponge Function},
 howpublished = {Cryptology ePrint Archive, Report 2014/259},
 year = 2014,
 note = {URL: \url{http://eprint.iacr.org/2014/259.pdf}, accessed 2014-10-28},
}

@manual{syn_flood,
  author = {Eddy, W.},
  title = {TCP SYN Flooding Attacks and Common Mitigations},
  month = aug,
  year = 2007,
  note = {URL: \url{http://tools.ietf.org/html/rfc4987}, accessed 2014-11-05},
}

@manual{cbor,
  author = {Bormann, C. and Hoffman, P.},
  title = {Concise Binary Object Representation (CBOR)},
  year = 2013,
  month = oct,
  note = {URL: \url{http://tools.ietf.org/html/rfc7049}, 2014-12-05}
}

@manual{hmac,
  author = {Bellare, M. and Canetti, R. and Krawczyk, H.},
  title = {Keying Hash Functions for Message Authentication},
  year = 1996,
  journal = {Advances in Cryptology, CRYPTO '96},
  pages = {1-15},
  note = {URL: \url{http://link.springer.com/chapter/10.1007%2F3-540-68697-5_1?LI=true#page-1}, accessed 2014-11-06},
}

@phdthesis{scyther,
  Author    = {C.J.F. Cremers},
  Title     = {Scyther - Semantics and Verification of Security Protocols},
  School    = {Eindhoven University of Technology},
  Publisher = {University Press Eindhoven},
  Year      = {2006},
  Type      = {{Ph.D.} dissertation},
  ISBN      = {978-90-386-0804-4},
}

@manual{lucky-thirteen,
  author = {AlFardan, N.J and Paterson, K. G},
  title = {Lucky Thirteen: Breaking the TLS and DTLS Record Protocols},
  year = {2013},
  month = {feb},
  note = {URL: \url{http://www.isg.rhul.ac.uk/tls/TLStiming.pdf}, accessed 2014-11-10},
}

@phdthesis{merkle-damgaard,
  author = {Merkle, R. C.},
  title = {Secrecy, authentication and public key systems},
  school = {Stanford University},
  year = {1979},
  type = {{Ph.D.} dissertation},
}

@misc{hkdf,
  author = {Hugo Krawczyk},
  title = {Cryptographic Extraction and Key Derivation: The HKDF Scheme},
  howpublished = {Cryptology ePrint Archive, Report 2010/264},
  year = {2010},
  note = {URL: \url{http://eprint.iacr.org/}, accessed 2014-11-29},
}

@manual{rfc5869,
  author = {Krawczyk, H. and Eronen, P.},
  title = {HMAC-based Extract-and-Expand Key Derivation Function (HKDF)},
  month = may,
  year = 2010,
  note = {URL: \url{http://tools.ietf.org/html/rfc5869}, accessed 2014-11-29},
}

@manual{rfc4279,
  author = {Eronen. P and Tschofenig, H.},
  title = {Pre-Shared Key Ciphersuites for Transport Layer Security (TLS)},
  month = dec,
  year = 2005,
  note = {URL: \url{https://tools.ietf.org/html/rfc4279}, accessed 2014-12-07}},
}

@manual{tls-extensions,
  author = {Huawai},
  title = {Transport Layer Security (TLS) Extensions: Extension Definitions},
  month = jan,
  year = 2011,
  note = {URL: \url{https://tools.ietf.org/html/rfc6066}, accessed 2014-12-07},
}

@manual{rfc5489,
  author = {Badra, M. and Hajjeh, I.},
  title = {ECDHE\_PSK Cipher Suites for Transport Layer Security (TLS)},
  month = mar,
  year = 2009,
  note = {URL: \url{https://tools.ietf.org/html/rfc5489}, 2014-12-07},
}

@manual{csp,
  author = {GomSpace},
  title = {CubeSat Space Protocol (CSP)},
  month = jun,
  year = 2011,
  note = {URL: \url{http://gomspace.com/documents/GS-CSP-1.1.pdf}, accessed 2014-12-09},
}

@manual{beast,
  author = {Duong, T. and Rizzo, J.},
  title = {Here Come the $\oplus$ Ninjas},
  month = may,
  year = 2011,
  note = {URL: \url{https://bug665814.bugzilla.mozilla.org/attachment.cgi?id=540839}, accessed 2014-12-11},
}

@manual{breach,
  author = {Gluck, Y. and Harris, N. and Prado, A.},
  title = {BREACH: Reviving the CRIME Attack},
  month = jul,
  year = 2013,
  note = {URL: \url{https://media.blackhat.com/us-13/US-13-Prado-SSL-Gone-in-30-seconds-A-BREACH-beyond-CRIME-WP.pdf}, accessed 2014-12-11},
}

@manual{poodle,
  author = {Möller, B. and Duong, T. and Kotowicz, K.},
  title = {This POODLE Bites. Exploiting the SSL 3.0 Fallback},
  month = sep,
  year = 2014,
  note = {URL: \url{https://www.openssl.org/~bodo/ssl-poodle.pdf}, accessed 2014-12-11},
}

@article{linux-prng-revisited,
  title={The Linux Pseudorandom Number Generator Revisited},
  author={Lacharme, Patrick and R{\"o}ck, Andrea and Strubel, Vincent and Videau, Marion},
  journal={IACR Cryptology ePrint Archive},
  volume={2012},
  pages={251},
  year=2012,
}

@manual{rfc4086,
  author = {Schiller, J. and Crocker, S.},
  title = {Randomness Requirements for Security},
  month = jun,
  year = 2005,
  note = {URL: \url{https://tools.ietf.org/html/rfc4086}, accessed 2014-12-14},
}
